<record><leader>00000cas a2200000 i 4500</leader><controlfield tag="001">832709399</controlfield><controlfield tag="006">m     o  d        </controlfield><controlfield tag="007">cr |||||||||||</controlfield><controlfield tag="008">130327d18731955pauwr ne      0   a0eng  </controlfield><datafield ind1=" " ind2=" " tag="010"><subfield code="a">  2013218669</subfield></datafield><datafield ind1=" " ind2=" " tag="040"><subfield code="a">DLC</subfield><subfield code="b">eng</subfield><subfield code="e">rda</subfield><subfield code="c">DLC</subfield><subfield code="d">OCLCQ</subfield><subfield code="d">OCLCF</subfield><subfield code="d">DLC</subfield><subfield code="d">OCLCQ</subfield></datafield><datafield ind1=" " ind2=" " tag="019"><subfield code="a">870683569</subfield></datafield><datafield ind1="0" ind2=" " tag="022"><subfield code="a">2327-6614</subfield><subfield code="2">1</subfield></datafield><datafield ind1=" " ind2=" " tag="042"><subfield code="a">pcc</subfield><subfield code="a">nsdp</subfield></datafield><datafield ind1=" " ind2=" " tag="043"><subfield code="a">n-us-pa</subfield></datafield><datafield ind1="1" ind2="0" tag="050"><subfield code="a">ISSN RECORD</subfield></datafield><datafield ind1="0" ind2="0" tag="082"><subfield code="a">071</subfield><subfield code="2">23</subfield></datafield><datafield ind1="0" ind2=" " tag="130"><subfield code="a">Juniata sentinel and Republican (Online)</subfield></datafield><datafield ind1=" " ind2="0" tag="222"><subfield code="a">Juniata sentinel and Republican</subfield><subfield code="b">(Online)</subfield></datafield><datafield ind1="1" ind2="0" tag="245"><subfield code="a">Juniata sentinel and Republican.</subfield></datafield><datafield ind1="1" ind2="3" tag="246"><subfield code="a">Sentinel &amp; Republican</subfield></datafield><datafield ind1="1" ind2="3" tag="246"><subfield code="a">Sentinel and Republican</subfield></datafield><datafield ind1=" " ind2="1" tag="264"><subfield code="a">Mifflintown, Juniata County, Pa. :</subfield><subfield code="b">B.F. Schweier,</subfield><subfield code="c">1873-</subfield></datafield><datafield ind1=" " ind2=" " tag="300"><subfield code="a">1 online resource</subfield></datafield><datafield ind1=" " ind2=" " tag="310"><subfield code="a">Weekly</subfield></datafield><datafield ind1=" " ind2=" " tag="336"><subfield code="a">text</subfield><subfield code="b">txt</subfield><subfield code="2">rdacontent</subfield></datafield><datafield ind1=" " ind2=" " tag="337"><subfield code="a">computer</subfield><subfield code="b">c</subfield><subfield code="2">rdamedia</subfield></datafield><datafield ind1=" " ind2=" " tag="338"><subfield code="a">online resource</subfield><subfield code="b">cr</subfield><subfield code="2">rdacarrier</subfield></datafield><datafield ind1="0" ind2=" " tag="362"><subfield code="a">Vol. 27, no. 43 (Oct. 22, 1873)-</subfield></datafield><datafield ind1="1" ind2=" " tag="362"><subfield code="a">Ceased in 1955?</subfield></datafield><datafield ind1=" " ind2=" " tag="500"><subfield code="a">"Republican," &lt;1876&gt;.</subfield></datafield><datafield ind1=" " ind2=" " tag="500"><subfield code="a">Editor: B.F. Schweier, &lt;1876&gt;.</subfield></datafield><datafield ind1=" " ind2=" " tag="530"><subfield code="a">Also issued in print.</subfield></datafield><datafield ind1=" " ind2=" " tag="580"><subfield code="a">Continued by: Juniata sentinel (Mifflintown, Pa. : 1966). Cf. NIM.</subfield></datafield><datafield ind1=" " ind2=" " tag="588"><subfield code="a">Description based on print version record.</subfield></datafield><datafield ind1=" " ind2=" " tag="588"><subfield code="a">Latest issue consulted: Vol. LV, no. 2 (December 19, 1900) (Chroniclingamerica.loc.gov, viewed Mar. 27, 2013).</subfield></datafield><datafield ind1=" " ind2="0" tag="651"><subfield code="a">Mifflintown (Pa.)</subfield><subfield code="v">Newspapers.</subfield></datafield><datafield ind1=" " ind2="7" tag="651"><subfield code="a">Pennsylvania</subfield><subfield code="z">Mifflintown.</subfield><subfield code="2">fast</subfield><subfield code="0">(OCoLC)fst01237660</subfield></datafield><datafield ind1=" " ind2="7" tag="655"><subfield code="a">Newspapers.</subfield><subfield code="2">fast</subfield><subfield code="0">(OCoLC)fst01423814</subfield></datafield><datafield ind1=" " ind2=" " tag="752"><subfield code="a">United States</subfield><subfield code="b">Pennsylvania</subfield><subfield code="c">Juniata</subfield><subfield code="d">Mifflintown.</subfield></datafield><datafield ind1="1" ind2=" " tag="776"><subfield code="t">Juniata sentinel and Republican</subfield><subfield code="x">2327-6606</subfield><subfield code="w">(DLC)sn 86053634</subfield><subfield code="w">(OCoLC)14124736</subfield></datafield><datafield ind1="0" ind2="4" tag="780"><subfield code="t">Juniata republican (Online)</subfield></datafield><datafield ind1="0" ind2="4" tag="780"><subfield code="t">Juniata sentinel (Mifflintown, Pa. : 1846 : Online)</subfield><subfield code="x">2333-1526</subfield><subfield code="w">(DLC)  2013271904</subfield><subfield code="w">(OCoLC)862973296</subfield></datafield><datafield ind1="1" ind2="0" tag="785"><subfield code="t">Juniata sentinel (Mifflintown, Pa. : 1955 : Online)</subfield></datafield><datafield ind1="4" ind2="1" tag="856"><subfield code="u">http://www.loc.gov/chroniclingamerica/lccn/sn86053634/issues</subfield></datafield><datafield ind1="1" ind2=" " tag="029"><subfield code="a">NZ1</subfield><subfield code="b">15276630</subfield></datafield></record>